@article{libvpx,
	author = "Wikipedia",
	title = "{libvpx}",
	url = "https://en.wikipedia.org/wiki/Libvpx"
}

@article{CRF_vs_QP,
	author ="Werner Robitza",
	title = "{CRF Guide (Constant Rate Factor in x264, x265 and libvpx)}",
	url = "https://slhck.info/video/2017/02/24/crf-guide.html",
	year = "2017"
}


@article{Comparison_codingstandards,
	author = "Jens-Rainer Ohm and Gary J. Sullivan and Heiko Schwarz and Thiow Keng Tan and Thomas Wiegand",
	journal ="IEEE TRANSACTIONS ON CIRCUITS AND SYSTEMS FOR VIDEO TECHNOLOGY",
	title = "{Comparison of the Coding Efficiency of Video Coding Standards—Including High Efficiency Video Coding (HEVC) }",
	year = "2012"
}

@article{Finetuning_pretrained,
	author = "Xiaoqi Liu and Chengliang Wang and Jianying Bai and Guobin Liao",
	journal = "Neurocomputing",
	title = "{Fine-Tuning Pre-trained Convolutional Neural Network for Gastric Precancerous Disease Classification on Magnification Narrow-band Imaging Images}",
	url = "https://www.journals.elsevier.com/neurocomputing",
	year = "2019"
}

%%vedere se tenere
%%article{Finetuning_image,
%	author = "Filip Radenovic , Giorgos Tolias, and Ondrej Chumi",
%	journal = "IEEE TRANSACTIONS ON PATTERN ANALYSIS AND MACHINE INTELLIGENCE"
%	title = "{Fine-Tuning CNN Image Retrieval with No Human Annotation}",
%	url = "http://www.html.it/articoli/tomcat-web-server-o-application-server-1/",
%	year = "2019"
%}

@article{Training,
	author ="Diego Rueda Plata and  Raul Ramos-Pollan and Fabio A. Gonzalez",
	journal ="Journal of Intelligent \& Fuzzy Systems 32",
	title = "{Effective training of convolutional neural networks with small, specialized dataset}",
	year = "2017"
}

@article{HEVC_Extension,
	author ="Hamid Reza Tohidypour and Hossein Bashashati and Mahsa T. Pourazad and Panos Nasiopoulos",
	journal ="IEEE TRANSACTIONS ON CIRCUITS AND SYSTEMS FOR VIDEO TECHNOLOGY",
	title = "{Online-Learning-Based Mode Prediction Method for Quality Scalable Extension of the High Efficiency Video Coding (HEVC) Standard}",
	year = "2017"
}

@article{HEVC,
	author ="Fangdong Chen and Houqiang Li and Li Li and Dong Liu and Feng Wu",
	journal ="IEEE TRANSACTIONS ON CIRCUITS AND SYSTEMS FOR VIDEO TECHNOLOGY",
	title = "{Block-Composed Background Reference for High Efficiency Video Coding}",
	year = "2017"
}


@article{ROI_Coding,
	author ="Xuguan Lan and Nanning Zheng and Wen Ma and Yuan Yuan",
	journal ="Neurocomputing",
	title = "{Arbitrary ROI-based wavelet video coding }",
	year = "2011"
}

@book{fine_tuning_book,
	author ="François Chollet",
	title = "{Deep Learning with Python: Chapter 5.3.2: Fine-tuning}",
	publisher="Manning Publications",
	url = "https://livebook.manning.com/book/deep-learning-with-python/chapter-5/216l",
	year = "2017"
}


@book{Videocompression_basics,
	author ="L. Hanzo and P. J. Cherriman and J. Streit ",
	title = "{Video Compression and Communications }",
	subtitle = {From Basics to H.261, H.263, H.264, MPEG4 for DVB and HSDPA-Style Adaptive Turbo-Transceivers},
	publisher = "John Wiley\&Sons",
	year = "2007"
}

@book{H264_MPEG4,
	author = "Iain E.G. Richardson",
	title = "{H.264 and MPEG-4}",
	publisher = "WILEY",
	year = "2003"

}

@book{Semisupervised_learning,
	author = "Xiaojin Zhu and Andrew B. Goldberg",
	title = "{Introduction to Semi-Supervised Learning}",
	publisher = "Morgan\&Claipool",
	year = "2009"

}
